@article{wifiproberequests2019,
    author = {Oliveira, Luiz and Schneider, Daniel and Souza, Jano and Shen, Weiming},
    year = {2019},
    month = {06},
    pages = {2-2},
    title = {Mobile Device Detection through WiFi Probe Request Analysis},
    volume = {PP},
    journal = {IEEE Access},
    doi = {10.1109/ACCESS.2019.2925406}
}

@inproceedings{sherlock2018,
    author = {Oliveira, Luiz and Franco, Jo√£o Henrique and Schneider, Daniel and Souza, Jano and Rodriques, Sergio and Sherr, Weiming},
    year = {2018},
    month = {05},
    pages = {848-853},
    title = {Sherlock: Capturing Probe Requests for Automatic Presence Detection},
    doi = {10.1109/CSCWD.2018.8465207}
}

@article{sail2014,
    author = {Mariakakis, Alex and Sen, Souvik and Lee, Jeongkeun and Kim, Kyu-Han},
    year = {2014},
    month = {06},
    pages = {},
    title = {SAIL: Single access point-based indoor localization},
    isbn = {978-1-4503-2793-0},
    journal = {MobiSys 2014 - Proceedings of the 12th Annual International Conference on Mobile Systems, Applications, and Services},
    doi = {10.1145/2594368.2594393}
}